% article
@misc{mercado-electrico-mincotur,
  author = {Luis Agosti, A. Jorge Padilla, Alejandro Requejo},
  title = {El mercado de generación eléctrica en España: estructura, funcionamiento y resultados},
  url = {https://www.mincotur.gob.es/Publicaciones/Publicacionesperiodicas/EconomiaIndustrial/RevistaEconomiaIndustrial/364/21.pdf},
  urldate = {2023-05-01}
}

% article
@inproceedings{schwaber1997scrum,
  title={Scrum development process},
  author={Schwaber, Ken},
  booktitle={Business Object Design and Implementation: OOPSLA’95 Workshop Proceedings 16 October 1995, Austin, Texas},
  pages={117--134},
  year={1997},
  organization={Springer}
}

% article
@article{lopez2022geopolitica,
  title={De la geopolítica a la geoeconomía y viceversa. El conflicto en Ucrania como una guerra híbrida},
  author={López de Mesa Cuervo, Jaime O},
  journal={Revista de Relaciones Internacionales, Estrategia y Seguridad},
  volume={17},
  number={1},
  pages={7--12},
  year={2022},
  publisher={Universidad Militar Nueva Granada}
}

% article
@article{DBLP:journals/corr/abs-1909-07872,
  author       = {Markus L{\"{o}}ning and
                  Anthony J. Bagnall and
                  Sajaysurya Ganesh and
                  Viktor Kazakov and
                  Jason Lines and
                  Franz J. Kir{\'{a}}ly},
  title        = {sktime: {A} Unified Interface for Machine Learning with Time Series},
  journal      = {CoRR},
  volume       = {abs/1909.07872},
  year         = {2019},
  url          = {http://arxiv.org/abs/1909.07872},
  eprinttype    = {arXiv},
  eprint       = {1909.07872},
  timestamp    = {Tue, 24 Sep 2019 11:33:51 +0200},
  biburl       = {https://dblp.org/rec/journals/corr/abs-1909-07872.bib},
  bibsource    = {dblp computer science bibliography, https://dblp.org}
}

% article
@article{scikit-learn,
  title={Scikit-learn: Machine Learning in {P}ython},
  author={Pedregosa, F. and Varoquaux, G. and Gramfort, A. and Michel, V.
         and Thirion, B. and Grisel, O. and Blondel, M. and Prettenhofer, P.
         and Weiss, R. and Dubourg, V. and Vanderplas, J. and Passos, A. and
         Cournapeau, D. and Brucher, M. and Perrot, M. and Duchesnay, E.},
  journal={Journal of Machine Learning Research},
  volume={12},
  pages={2825--2830},
  year={2011}
}

% article
@incollection{shap-package,
  title = {A Unified Approach to Interpreting Model Predictions},
  author = {Lundberg, Scott M and Lee, Su-In},
  booktitle = {Advances in Neural Information Processing Systems 30},
  editor = {I. Guyon and U. V. Luxburg and S. Bengio and H. Wallach and R. Fergus and S. Vishwanathan and R. Garnett},
  pages = {4765--4774},
  year = {2017},
  publisher = {Curran Associates, Inc.},
  url = {http://papers.nips.cc/paper/7062-a-unified-approach-to-interpreting-model-predictions.pdf}
}

% article
@book{lazzeri2020machine,
  title={Machine learning for time series forecasting with Python},
  author={Lazzeri, Francesca},
  year={2020},
  publisher={John Wiley \& Sons}
}

% article
@book{hyndman2018forecasting,
  title={Forecasting: principles and practice},
  author={Hyndman, Rob J and Athanasopoulos, George},
  year={2018},
  publisher={OTexts}
}

% article
@article{hyndman2006another,
  title={Another look at forecast-accuracy metrics for intermittent demand},
  author={Hyndman, Rob J and others},
  journal={Foresight: The International Journal of Applied Forecasting},
  volume={4},
  number={4},
  pages={43--46},
  year={2006}
}

%article
@misc{lundberg2017unified,
      title={A Unified Approach to Interpreting Model Predictions},
      author={Scott Lundberg and Su-In Lee},
      year={2017},
      eprint={1705.07874},
      archivePrefix={arXiv},
      primaryClass={cs.AI}
}

% article
@book{berzal2018redes,
  title={Redes neuronales \& deep learning},
  author={Berzal, Fernando},
  note={\url{https://deep-learning.ikor.org}},
  year={2018},
  publisher={Independently published}
}