% Podria incluirse en la bibliografía de publicaciones
@online{mercado-electrico-mincotur,
  author = {Luis Agosti, A. Jorge Padilla, Alejandro Requejo},
  title = {El mercado de generación eléctrica en España: estructura, funcionamiento y resultados},
  url = {https://www.mincotur.gob.es/Publicaciones/Publicacionesperiodicas/EconomiaIndustrial/RevistaEconomiaIndustrial/364/21.pdf},
  urldate = {2023-05-01}
}

@online{mercado-electrico-endesa,
  author = {Endesa},
  title = {El mercado eléctrico: Los agentes del sistema eléctrico},
  url = {https://www.fundacionendesa.org/es/educacion/endesa-educa/recursos/el-mercado-electrico},
  urldate = {2023-05-01}
}

@online{organismos-reguladores-holaluz,
  author = {Laura Benítez - Holaluz},
  title = {Los Organismos Reguladores del Sector Eléctrico},
  url = {https://www.holaluz.com/blog/el-sector-electrico-los-organismos-reguladores/#:~:text=Comisión%20Nacional%20de%20Energ%C3%ADa%3A%20CNE,el%20sistema%2C%20incluidos%20los%20consumidores.},
  urldate = {2023-05-01}
}

@online{subasta-electrica-totalenergies,
  author = {TotalEnergies},
  date = {2022-09-15},
  title = {¿Cómo funciona la subasta eléctrica en España?},
  url = {https://www.totalenergies.es/es/hogares/blog/energia-actualidad/subasta-electrica},
  urldate = {2023-05-01}
}